@misc{siebert_rufus,
    title={{Screenshot von Rufus unter Windows}}, 
    author={JÃ¶rg Siebert},
    year={2021}
}
